{
  "leader": "02501cam a2200337Ii 4500",
  "fields": [
    {
      "001": "ocm01666634\\"
    },
    {
      "003": "OCoLC"
    },
    {
      "005": "20220104164100.0"
    },
    {
      "008": "751001s1955\\\\\\\\nyuab\\\\\\\\ab\\\\\\001\\0\\eng\\d"
    },
    {
      "040": {
        "ind1": "\\",
        "ind2": "\\",
        "subfields": [
          {
            "a": "DZM"
          },
          {
            "b": "eng"
          },
          {
            "c": "DZM"
          },
          {
            "d": "OSU"
          },
          {
            "d": "IXA"
          },
          {
            "d": "TXJ"
          },
          {
            "d": "OCLCA"
          },
          {
            "d": "DEBBG"
          },
          {
            "d": "N5L"
          },
          {
            "d": "OCLCQ"
          },
          {
            "d": "OCLCF"
          },
          {
            "d": "OCLCQ"
          },
          {
            "d": "SHH"
          },
          {
            "d": "P4A"
          },
          {
            "d": "OCLCQ"
          },
          {
            "d": "DML"
          },
          {
            "d": "PX9"
          },
          {
            "d": "UKUOY"
          },
          {
            "d": "OCLCO"
          },
          {
            "d": "OCLCQ"
          },
          {
            "d": "BUB"
          },
          {
            "d": "OCLCQ"
          },
          {
            "d": "IL4J6"
          }
        ]
      }
    },
    {
      "019": {
        "ind1": "\\",
        "ind2": "\\",
        "subfields": [
          {
            "a": "757756764"
          },
          {
            "a": "1101348813"
          },
          {
            "a": "1107762960"
          }
        ]
      }
    },
    {
      "035": {
        "ind1": "\\",
        "ind2": "\\",
        "subfields": [
          {
            "a": "(OCoLC)1666634"
          },
          {
            "z": "(OCoLC)757756764"
          },
          {
            "z": "(OCoLC)1101348813"
          },
          {
            "z": "(OCoLC)1107762960"
          }
        ]
      }
    },
    {
      "050": {
        "ind1": "1",
        "ind2": "4",
        "subfields": [
          {
            "a": "HD9569.S8"
          },
          {
            "b": "H5 1955 v.1"
          }
        ]
      }
    },
    {
      "082": {
        "ind1": "0",
        "ind2": "4",
        "subfields": [
          {
            "a": "338.76223820973"
          },
          {
            "b": "HID"
          }
        ]
      }
    },
    {
      "100": {
        "ind1": "1",
        "ind2": "\\",
        "subfields": [
          {
            "a": "Hidy, Ralph W."
          },
          {
            "q": "(Ralph Willard),"
          },
          {
            "d": "1905-1977."
          }
        ]
      }
    },
    {
      "245": {
        "ind1": "1",
        "ind2": "0",
        "subfields": [
          {
            "a": "Pioneering in big business, 1882-1911 /"
          },
          {
            "c": "by Ralph W. Hidy and Muriel E. Hidy."
          }
        ]
      }
    },
    {
      "260": {
        "ind1": "\\",
        "ind2": "\\",
        "subfields": [
          {
            "a": "New York :"
          },
          {
            "b": "Harper & Brothers,"
          },
          {
            "c": "[\u00a91955]"
          }
        ]
      }
    },
    {
      "300": {
        "ind1": "\\",
        "ind2": "\\",
        "subfields": [
          {
            "a": "xxx, 839 pages :"
          },
          {
            "b": "illustrations, maps, tables ;"
          },
          {
            "c": "24 cm."
          }
        ]
      }
    },
    {
      "336": {
        "ind1": "\\",
        "ind2": "\\",
        "subfields": [
          {
            "a": "text"
          },
          {
            "b": "txt"
          },
          {
            "2": "rdacontent"
          }
        ]
      }
    },
    {
      "337": {
        "ind1": "\\",
        "ind2": "\\",
        "subfields": [
          {
            "a": "unmediated"
          },
          {
            "b": "n"
          },
          {
            "2": "rdamedia"
          }
        ]
      }
    },
    {
      "338": {
        "ind1": "\\",
        "ind2": "\\",
        "subfields": [
          {
            "a": "volume"
          },
          {
            "b": "nc"
          },
          {
            "2": "rdacarrier"
          }
        ]
      }
    },
    {
      "490": {
        "ind1": "1",
        "ind2": "\\",
        "subfields": [
          {
            "a": "History of Standard Oil Company (New Jersey)"
          }
        ]
      }
    },
    {
      "504": {
        "ind1": "\\",
        "ind2": "\\",
        "subfields": [
          {
            "a": "Includes bibliographical references and index."
          }
        ]
      }
    },
    {
      "505": {
        "ind1": "2",
        "ind2": "\\",
        "subfields": [
          {
            "a": "pt. I: The early years of Jersey Standard -- From chaos to combination -- The Standard oil team and its early policies -- The pattern of Standard Oil Organization 1882-1892 -- Operational honeymoon 1822-1885 -- Attack and counterattack in foreign markets 1882-1892 -- Conquering Lima crude 1886-1892 -- Achiveing full vertical integration 1886-1892 -- Public pressures and the rise of Jersey Standard -- Global marketing in the nineties -- The domestic scene 1892-1899 -- pt. II: When Jersey Standard was the parent company -- Jersey Standard's legal and functional organization -- Jersey Standards's California enterprise 1900-1911 -- Participation in expanding domestic production of crude oil -- Growth in manufacruting 1899-1911 -- Home trade in the twilight of the kerosene age 1899-1911 -- Lubricants and wax 1892-1911 -- Producing and refinining in Europe and Asia -- Relations between Jersey Standrad and its foreign affiliates -- Battling for foreign markets 1988-1911 -- Employee relations 1882-1911 -- Finanical opertions and rewards 1881-1911 -- Criticism and reactions 1893-1903 -- The path to dismemberment 1904-1911."
          }
        ]
      }
    },
    {
      "583": {
        "ind1": "1",
        "ind2": "\\",
        "subfields": [
          {
            "a": "Legacy"
          },
          {
            "c": "2017"
          },
          {
            "5": "UoY"
          }
        ]
      }
    },
    {
      "610": {
        "ind1": "2",
        "ind2": "0",
        "subfields": [
          {
            "a": "Standard Oil Company."
          }
        ]
      }
    },
    {
      "610": {
        "ind1": "2",
        "ind2": "7",
        "subfields": [
          {
            "a": "Standard Oil Company."
          },
          {
            "2": "fast"
          },
          {
            "0": "(OCoLC)fst00532578"
          }
        ]
      }
    },
    {
      "830": {
        "ind1": "\\",
        "ind2": "0",
        "subfields": [
          {
            "a": "History of Standard Oil Company (New Jersey)"
          }
        ]
      }
    },
    {
      "994": {
        "ind1": "\\",
        "ind2": "\\",
        "subfields": [
          {
            "a": "Z0"
          },
          {
            "b": "NYRVC"
          }
        ]
      }
    },
    {
      "948": {
        "ind1": "\\",
        "ind2": "\\",
        "subfields": [
          {
            "h": "NO HOLDINGS IN NYRVC - 215 OTHER HOLDINGS"
          }
        ]
      }
    },
    {
      "999": {
        "ind1": "\\",
        "ind2": "\\",
        "subfields": [
          {
            "a": "00000000015909"
          }
        ]
      }
    }
  ]
}